%Entries

@article{Mnih07,
  author  = {Volodymyr Mnih and Koray Kavukcuoglu},
  title   = {Human-level control through deep reinforcement learning},
  journal = {Nature},
  volume  = {518},
  number  = {7540},
  year    = {2015},
  pages   = {529--533},
  doi     = {10.1038/nature14236},
  url     = {https://doi.org/10.1038/nature14236}
}

@article{Todorov07,
  title   = {MuJoCo: A physics engine for model-based control},
  author  = {Emanuel Todorov and Tom Erez and Yuval Tassa},
  journal = {2012 IEEE/RSJ International Conference on Intelligent Robots and Systems},
  volume  = {1},
  number  = {1},
  year    = {2012},
  pages   = {5026--5033},
  url     = {https://api.semanticscholar.org/CorpusID:5230692}
}

@misc{Towers07,
  title         = {Gymnasium: A Standard Interface for Reinforcement Learning Environments},
  author        = {Mark Towers and Ariel Kwiatkowski and Jordan Terry and John U. Balis and Gianluca De Cola and Tristan Deleu and Manuel Goulão and Andreas Kallinteris and Markus Krimmel and Arjun KG and Rodrigo Perez-Vicente and Andrea Pierré and Sander Schulhoff and Jun Jet Tai and Hannah Tan and Omar G. Younis},
  year          = {2024},
  eprint        = {2407.17032},
  archiveprefix = {arXiv},
  primaryclass  = {cs.LG},
  url           = {https://arxiv.org/abs/2407.17032}
}

@incollection{Winkler2025,
  author    = {Djavaherpour, Tanya
               and Naqvi, Ali
               and Zhuang, Eddie
               and Kelly, Stephen},
  editor    = {Winkler, Stephan M.
               and Banzhaf, Wolfgang
               and Hu, Ting
               and Lalejini, Alexander},
  title     = {Evolving Many-Model Agents with Vector and Matrix Operations in Tangled Program Graphs},
  booktitle = {Genetic Programming Theory and Practice XXI},
  year      = {2025},
  publisher = {Springer Nature Singapore},
  address   = {Singapore},
  pages     = {87--105},
  abstract  = {Tangled Program Graphs (TPGs) are highly modular, hierarchical representations for genetic programming that are well-suited to multitask learningMultitask learning in temporal sequence prediction tasks such as control and time series forecastingTime series forecasting. In this work, we expand the simple scalar register machines traditionally used in TPGs toTangled program graphs include vector and matrix memory and operations. This helps TPGsTangled program graphs evolve versatile agents that are capable of solving partially observable control and forecasting problems simultaneously. A single agent can predict actions in discrete and continuous control tasks, as well as perform generativeTangled program graphs time series prediction.},
  isbn      = {978-981-96-0077-9},
  doi       = {10.1007/978-981-96-0077-9_5},
  url       = {https://doi.org/10.1007/978-981-96-0077-9_5}
}

@misc{Kelly21,
  title         = {Evolving Hierarchical Memory-Prediction Machines in Multi-Task Reinforcement Learning},
  author        = {Stephen Kelly and Tatiana Voegerl and Wolfgang Banzhaf and Cedric Gondro},
  year          = {2021},
  eprint        = {2106.12659},
  archiveprefix = {arXiv},
  primaryclass  = {cs.NE},
  url           = {https://arxiv.org/abs/2106.12659}
}

@misc{FaramaFoundation24,
  author = {Farama Foundation},
  title  = {Gymnasium MuJoCo Environments},
  year   = {2024},
  url    = {https://gymnasium.farama.org/environments/mujoco/}
}

@article{Kelly21TELO,
  title     = {Emergent Tangled Program Graphs in Partially Observable Recursive Forecasting and ViZDoom Navigation Tasks},
  author    = {Stephen Kelly and Robert J. Smith and Malcolm I. Heywood and Wolfgang Banzhaf},
  journal   = {ACM Transactions on Evolutionary Learning and Optimization},
  volume    = {1},
  number    = {3},
  year      = {2021},
  pages     = {1--41},
  doi       = {10.1145/3468857},
  url       = {http://www.cs.mun.ca/~banzhaf/papers/telo2021.pdf}
}

@inproceedings{Djavaherpour24,
  title     = {Tangled Program Graphs with Indexed Memory in Control Tasks with Short Time Dependencies},
  author    = {Tanya Djavaherpour and Ali Naqvi and Stephen Kelly},
  booktitle = {Proceedings of the 16th International Joint Conference on Computational Intelligence (IJCCI 2024)},
  year      = {2024},
  pages     = {296--303},
  publisher = {SCITEPRESS},
  doi       = {10.5220/0013016800003837},
  url       = {https://www.scitepress.org/Papers/2024/130168/130168.pdf}
}